@Article{lanacion17,
author = {La Nación, {}},
title = {Vuelve el debate por el uso de voto electrónico en las próximas elecciones},
journal = {La Nación},
year = {2017},
month = {agosto},
note = {https://www.lanacion.com.ar/tecnologia/vuelve-el-debate-por-el-uso-de-voto-electronico-en-las-proximas-elecciones-nid2054473/},
}

@Article{serra17,
author = {Laura Serra},
title = {El Gobierno pretende reflotar el proyecto de reforma electoral},
journal = {La Nación},
year = {2017},
month = {enero},
note = {https://www.lanacion.com.ar/politica/el-gobierno-pretende-reflotar-el-proyecto-de-reforma-electoral-nid1972778/},
}

@Article{origlia16,
author = {Gabriela Origlia},
title = {Córdoba aprobó la boleta electrónica para 2019},
journal = {La Nación},
year = {2016},
month = {diciembre},
note = {https://www.lanacion.com.ar/politica/cordoba-aprobo-la-boleta-electronica-para-2019-nid1969328/},
}

@Article{smaldone16,
author = {Javier Smaldone},
title = {El uso de voto electrónico en el mundo},
journal = {Blog de Javier Smaldone},
year = {2016},
month = {junio},
note = {https://blog.smaldone.com.ar/2016/06/26/el-uso-de-voto-electronico-en-el-mundo/},
}

@Article{ybarra16,
author = {Gustavo Ybarra},
title = {El peronismo frenó en el Senado la reforma electoral del Gobierno},
journal = {La Nación},
year = {2016},
month = {noviembre},
note = {https://www.lanacion.com.ar/politica/el-peronismo-freno-en-el-senadola-reforma-electoral-del-gobierno-nid1959452/},
}
 
@Book{busaniche08,
author = {Beatriz Busaniche and Federico Heinz and Alfredo Rezinovsky},
title = {Voto electrónico: Los riesgos de una ilusión},
publisher = {Fundación Vía Libre},
year = {2008},
note = {http://www.vialibre.org.ar/wp-content/uploads/2009/03/evoto.pdf},
}

@Book{busaniche17,
author = {Beatriz Busaniche},
title = {Voto electrónico: Una solución en busca de problemas},
publisher = {Tren en Movimiento}, 
year = {2017},
note = {https://www.vialibre.org.ar/wp-content/uploads/2007/11/ve-solucion-busca-problemas.pdf},
}

@Article{distefano21,
author = {Miguel Distefano},
title = {Huayra 5.0: presentaron el sistema operativo de las notebooks estudiantiles del plan Juana Manso},
journal = {La Nación},
year = {2021},
month = {julio},
note = {\url{https://www.lanacion.com.ar/tecnologia/huayra-50-presentaron-el-sistema-operativo-de-las-notebooks-estudiantiles-del-plan-juana-manso-nid23072021/}},
}

@Article{michan10,
author = {Miguel Michán},
title = {NeXSTEP, el eslabón perdido de Mac OS X},
journal = {Applesfera},
year = {2010},
month = {noviembre},
note = {\url{https://www.applesfera.com/apple/nextstep-el-eslabon-perdido-de-mac-os-x}},
}

@Book{tanenbaum87,
author = {Andrew S. Tanenbaum and Albert S. Woodhull},
title = {Operating Systems: Design and Implementation},
publisher = {Prentice Hall},
year = {1987},
}

@Misc{corel99,
author = {Corel},
title = {Corel's Contributions to the Wine Project},
howpublished = {Linux Today},
month = {June},
year = {1999},
note = {\url{https://www.linuxtoday.com/developer/corels-contributions-to-the-wine-project/}},
}


@InProceedings{monk14,
author = {Leandro Monk},
title = {Cooperativas, Software Libre y Gestión de Conocimiento},
booktitle = {Foro de Responsables Informáticos de las Universidades Nacionales de Argentina - TICAR 2014},
year = {2014},
month = {abril},
note = {https://www.ticar.org.ar/files/GCOOP.pdf},
annote = {Pergamino, Argentina}
}


@Article{watkins18,
author = {Don Watkins},
title = {LibreOffice: A history of document freedom},
journal = {opensource.com},
year = {2018},
month = {September},
}

@Article{gates76,
author = {Bill Gates},
title = {Open Letter to Hobbysts},
journal = {Homebrew Computer Club Newsletter},
year = {1976}, 
volume = {2},
number = {1},
month = {enero},
note = {Mountain View, CA},
}

@Book{williams02,
author = {Sam Williams},
title = {Free as in Freedom: Richard Stallman's Crusade for Free Software},
publisher = {O'Reilly Media},
year = {2002},
month = {March},
}

@Misc{kamau16,
author = {Kivuti Kamau},
title = {Give your Startup a Competitive edge with Open source},
howpublished = {COD.e},
month = {October},
year = {2016},
note = {\url{https://medium.com/cod-e/give-your-startup-a-competitive-edge-with-open-source-9163ffaea21}},
}

@Misc{singh21,
author = {Deepak Singh},
title = {Top 5 Open Source Tools You Can Use in Startup},
howpublished = {Medium1},
month = {March},
year = {2021},
note = {\url{https://medium.com/cod-e/give-your-startup-a-competitive-edge-with-open-source-9163ffaea21}},
}

@Misc{gerasimenko16,
author = {Sergey Gerasimenko},
title = {Open Source for a Startup (the Good, the Bad and the Ugly)},
howpublished = {Nordic Founders},
month = {May},
year = {2016},
note = {\url{https://medium.com/nordic-founders/open-source-for-a-startup-the-good-the-bad-and-the-ugly-a531ebbd38ed}},
}

@Misc{wiggers21,
author = {Kyle Wiggers},
title = {Open source NLP is fueling a new wave of startups},
howpublished = {VentureBeat},
month = {December},
year = {2021},
note = {\url{https://venturebeat.com/2021/12/23/open-source-nlp-is-fueling-a-new-wave-of-startups/}},
}

@Misc{theregister01,
author = {Thomas C. Greene},
title = {Ballmer: `Linux is a cancer'},
howpublished = {The Register},
month = {June},
year = {2001},
note = {\url{https://www.theregister.com/2001/06/02/ballmer_linux_is_a_cancer/}},
}

@Book{dibona99,
title = {Open Sources: Voices from the Open Source Revolution},
author = {Chris DiBona and Sam Ockman and Mark Stone and Brian Behlendorf and Scott Bradner and Jim Hamerly and Marshall Kirk McKusick and Tim O'Reilly and Tom Paquin and Bruce Perens and Eric Raymond and Richard Stallman and Michael Tiemann and Linus Torvalds and Paul Vixie and Larry Wall and Bob Young},
publisher = {O'Reilly Media},
month = {January},
year = {1999},
}

@Book{fogel07,
title = {Producir Software de Código Abierto: Cómo Llevar a Buen Puerto un Proyecto de Código Libre},
author = {Karl Fogel},
year = {2013},
howpublished = {\url{https://producingoss.com/es/}},
}

@Book{barahona03,
title = {Introducción al software libre},
author = {Jesús González Barahona and Joaquín Seoane Pascual and Gregorio Robles},
publisher = {Fundació per a la Universitat Oberta de Catalunya},
month = {noviembre},
year = {2003},
howpublished = {\url{https://www.researchgate.net/publication/43668145_Introduccion_al_software_libre}},
}

@Misc{fabernovel07,
title = {Business models of open source software and free software: a few landmarks},
author = {FaberNovel Consulting, {}},
month = {October},
year = {2007}, 
howpublished = {\url{http://www.slideshare.net/faberNovel/businessmodels-opensource-en-125492}},
}

@Book{raymond03,
title = {The Art of Unix Programming},
author = {Eric S. Raymond},
publisher = {Addison-Wesley},
year = {2003},
}

@Book{raymond01,
title = {The Cathedral \& the Bazaar: Musings on Linux and Open Source by an Accidental Revolutionary},
author = {Eric S. Raymond},
publisher = {O'Reilly Media},
year = {2001},
}

@Misc{kerneldevcommunity,
title = {Linux kernel coding style},
author = {The kernel development community},
howpublished = {\url{https://www.kernel.org/doc/html/latest/process/coding-style.html}},
}

@Misc{fsf21,
title = {GNU Coding Standards},
author = {Free Software Foundation},
year = {2021},
month = {July},
howpublished = {\url{https://www.gnu.org/prep/standards/standards.html}},
}

@Misc{freeBSDguide21,
title = {FreeBSD Committers' Guide},
author = {The FreeBSD Documentation Project},
year = {2021},
howpublished = {\url{https://www.freebsd.org/doc/en_US.ISO8859-1/articles/committers-guide/rules.html}},
}

@Misc{alvarez13,
title = {Aseguramiento de Calidad en el Desarrollo de Software Libre},
author = {J. Alvarez and S. Solé and M. Venegas and J. Quintero and Fundación CENDITEL, {}},
month = {mayo},
year = {2013},
howpublished = {\url{http://calidad-sl.cenditel.gob.ve/files/2011/06/modelo260413.pdf}},
}

@Article{jorgensen07,
title = {Developer autonomy in the FreeBSD open source project},
author = {Niels Jorgensen},
journal = {Journal of Management \& Governance}, 
number = {11},
pages = {119--128}, 
year = {2007},
}

@InProceedings{martinez08,
author = {J. J. Martínez},
title = {Control de calidad en software libre},
booktitle = {III Congrés de Programari Lliure - Comunitat Valenciana},
year = {2008},
}
